@InProceedings{miller2012,
  author =       "Charlie Miller",
  title =        {Exploring the {NFC} Attack Surface},
  booktitle =    "Black Hat Briefings",
  year =         2012,
  organization = "Accuvant Labs",
  month =        "Aug",
}

@MastersThesis{kortvedt2009,
  author =       "Henning Siitonen Kortvedt",
  title =        {Securing Near Field Communication},
  school =       "Norwegian University of Science and Technology",
  year =         2009,
  month =        "June",
  note =         "http://ntnu.diva-portal.org/smash/get/diva2:347744/FULLTEXT01",
}

@InProceedings{heydtbenjamin2007,
  author =       "Thomas S. Heydt-Benjamin and Daniel V. Bailey and Kevin Fu and Ari Juels and Tom Oâ€™Hare",
  title =        {Vulnerabilities in First-Generation {RFID}-enabled Credit Cards},
  booktitle =    "Proceedings of the 11th International Conference on Financial Cryptography and 1st International Conference on Usable Security ({FC}'07/{USEC}'07)",
  year =         2007,
  note =         "http://people.cs.umass.edu/~kevinfu/papers/RFID-CC-LNCS.pdf",
}

%NOTE: the above "~" parses to a space

@TechReport{kerschberger2011,
  author =       "Martin Kerschberger",
  title =        {Near Field Communication: A survey of safety and security measures},
  year =         2011,
  institution =  "Vienna University of Technology",
  type =         "Bachelor's Thesis",
  note =         "\url{http://www.auto.tuwien.ac.at/bib/pdf_TR/TR0156.pdf}",
}

@TechReport{rosati2011,
  author =       "Tony Rosati and Greg Zaverucha",
  title =        {Elliptic Curve Certificates and Signatures for {NFC} Signature Records},
  year =         2011,
  institution =  "Research in Motion and Certicom Research",
  note =         "\url{http://www.nfc-forum.org/resources/white_papers/Using_ECQV_ECPVS_on_NFC_Tags.pdf}"
}

@InProceedings{roland2011,
  author =       "Michael Roland and Josef Langer and Josef Scharinger",
  title =        {Security Vulnerabilities of the {NDEF} Signature Record Type},
  booktitle =    "Proceedings of the Third International Workshop on Near Field Communication",
  year =         2011,
  note =         {\url{http://www.nfc-forum.org/apps/group_public/download.php/9052/doi_10.1109_NFC.2011.9.pdf}},
}

@InProceedings{haselsteiner2006,
  author =       "Ernst Haselsteiner and Klemens Breitfu\ss",
  title =        {Security in Near Field Communication ({NFC}): Strengths and Weaknesses},
  booktitle =    "Proceedings of the Second Workshop on {RFID} Security and Privacy",
  year =         2006,
  note =         {http://events.iaik.tugraz.at/RFIDSec06/Program/papers/002%20-%20Security%20in%20NFC.pdf},
}

@InProceedings{francis2012,
  author =       "Lishoy Francis and Gerhard Hancke and Keith Mayes and Konstantinos Markantonakis",
  title =        {Practical Relay Attack on Contactless Transactions by Using NFC Mobile Phones},
  booktitle =    "Workshop on {RFID} and {IoT} Security ({RFIDSec})",
  year =         2012,
  note =         {http://eprint.iacr.org/2011/618.pdf},
}

@MastersThesis{kilas2009,
  author =       "Markus Kil\aa{}s",
  title =        {Digital Signatures on NFC Tags},
  school =       "KTH Royal Institute of Technology",
  year =         2009,
  month =        "March",
  note =         "http://web.it.kth.se/~johanmon/theses/kilas.pdf",
}

@InProceedings{roland2010,
  author =       "Michael Roland and Josef Langer",
  title =        {Digital Signature Records for the NFC Data Exchange Format},
  booktitle =    "Proceedings of the Second International Workshop on Near Field Communication",
  year =         2010,
  note =         {\url{http://ieeexplore.ieee.org/xpl/articleDetails.jsp?tp=&arnumber=5476460&contentType=Conference+Publications&sortType%3Dasc_p_Sequence%26filter%3DAND%28p_IS_Number%3A5476454%29}},
}

@Article{ellison2000,
  author =      "C. Ellison and B. Schneier",
  title =       {Ten Risks of PKI: What You're Not Being Told About Public Key Infrastructure},
  journal =     "Computer Security Journal",
  year =        2000,
  volume =      16,
  number =      1,
  pages =       {1-7},
}


