@InProceedings{miller2012,
  author =       "Charlie Miller",
  title =        {Exploring the {NFC} Attack Surface},
  booktitle =    "Black Hat Briefings",
  year =         2012,
  month =        "Aug",
}

@MastersThesis{kortvedt2009,
  author =       "Henning Siitonen Kortvedt",
  title =        {Securing Near Field Communication},
  school =       "Norwegian University of Science and Technology",
  year =         2009,
  month =        "June",
  note =         "http://ntnu.diva-portal.org/smash/get/diva2:347744/FULLTEXT01",
}
